@article{lewis2011application,
  title     = {On the application of graph colouring techniques in round-robin sports scheduling},
  author    = {Lewis, Rhyd and Thompson, J},
  journal   = {Computers \& Operations Research},
  volume    = {38},
  number    = {1},
  pages     = {190--204},
  year      = {2011},
  publisher = {Elsevier}
}
@article{de1988some,
  title     = {Some models of graphs for scheduling sports competitions},
  author    = {De Werra, Dominique},
  journal   = {Discrete Applied Mathematics},
  volume    = {21},
  number    = {1},
  pages     = {47--65},
  year      = {1988},
  publisher = {Elsevier}
}
@article{de1990constrained,
  title     = {A constrained sports scheduling problem},
  author    = {de Werra, Dominique and Jacot-Descombes, Lo{\"\i}c and Masson, P},
  journal   = {Discrete Applied Mathematics},
  volume    = {26},
  number    = {1},
  pages     = {41--49},
  year      = {1990},
  publisher = {Elsevier}
}
@article{hoshino2013graph,
  title   = {Graph theory and sports scheduling},
  author  = {Hoshino, Richard and Kawarabayashi, Ken-ichi},
  journal = {Notices of the American Mathematical Society to appear},
  year    = {2013}
}